<?xml version="1.0" encoding="UTF-8"?><collection xmlns="http://www.loc.gov/MARC21/slim"><record><leader>00533nam--2200169-i-4500</leader><controlfield tag="001">000043521</controlfield><controlfield tag="002">20161230</controlfield><controlfield tag="005">20170129230013</controlfield><controlfield tag="008">060222s1000------------r-----000-0-eng-d</controlfield><datafield ind1=" " ind2=" " tag="040"><subfield code="a">IFIN-HH</subfield></datafield><datafield ind1="1" ind2=" " tag="100"><subfield code="a">Lowan, Arnold N</subfield></datafield><datafield ind1="1" ind2="0" tag="245"><subfield code="a">Tables of spherical bessel functions. Prepared by the math. Tables projhect nat.bureau of standards</subfield></datafield><datafield ind1=" " ind2=" " tag="260"><subfield code="a">New York</subfield><subfield code="b">Columbia Univ.Press</subfield><subfield code="c">1947</subfield></datafield><datafield ind1=" " ind2=" " tag="300"><subfield code="a">XX+328 p</subfield></datafield><datafield ind1=" " ind2=" " tag="490"><subfield code="a">Math.Tables Project. Nat.Bureau Of Standards</subfield><subfield code="v">vol.1</subfield></datafield><datafield ind1=" " ind2=" " tag="852"><subfield code="a">12760</subfield><subfield code="c">518.2</subfield></datafield><datafield ind1=" " ind2=" " tag="CAT"><subfield code="a">SYS</subfield><subfield code="c">20170129</subfield><subfield code="h">230013</subfield></datafield></record></collection>